@book{fong2019invitation,
    title = {An invitation to applied category theory: seven sketches in
             compositionality},
    author = {Fong, Brendan and Spivak, David I},
    year = {2019},
    publisher = {Cambridge University Press},
}
@misc{oecd,
    title = {OECD Better Life Index},
    author = {Stefaner, Moritz and OECD},
    year = 2012,
    note = {Accessed on 14 Oct. 2012},
    howpublished = {\url{http://www.oecdbetterlifeindex.org/}},
}
@book{borceux1994handbook,
    title = {Handbook of categorical algebra: volume 1, Basic category theory},
    author = {Borceux, Francis},
    year = 1994,
    publisher = {Cambridge University Press},
    volume = 1,
}
@book{borceux1994handbook2,
    title = {Handbook of Categorical Algebra: Volume 2, Categories and
             Structures},
    author = {Borceux, Francis},
    year = 1994,
    publisher = {Cambridge University Press},
    volume = 2,
}
@book{perrone2024starting,
    title = {Starting Category Theory},
    author = {Perrone, Paolo},
    year = {2024},
    publisher = {World Scientific},
}

@misc{ncatlabfunctor,
    author = {nLab contributors},
    title = {Functor},
    year = {n.d.},
    url = {https://ncatlab.org/nlab/show/functor},
    note = {Accessed: 2025-02-05},
}

